<record><leader>00000cas a22000007a 4500</leader><controlfield tag="001">22527063</controlfield><controlfield tag="008">901017d188u1926nyuwr ne      0    0eng d</controlfield><datafield ind1=" " ind2=" " tag="010"><subfield code="a">sn 90066538 </subfield></datafield><datafield ind1=" " ind2=" " tag="040"><subfield code="a">NYS</subfield><subfield code="b">eng</subfield><subfield code="c">NYS</subfield><subfield code="d">NYG</subfield><subfield code="d">OCLCQ</subfield></datafield><datafield ind1=" " ind2=" " tag="042"><subfield code="a">msc</subfield></datafield><datafield ind1="0" ind2=" " tag="130"><subfield code="a">Afton enterprise (Afton, N.Y.)</subfield></datafield><datafield ind1="1" ind2="4" tag="245"><subfield code="a">The Afton enterprise.</subfield></datafield><datafield ind1=" " ind2=" " tag="260"><subfield code="a">Afton, Chenango Co., N.Y. :</subfield><subfield code="b">N.E. Barton</subfield></datafield><datafield ind1=" " ind2=" " tag="300"><subfield code="a">v. ;</subfield><subfield code="c">61 cm.</subfield></datafield><datafield ind1=" " ind2=" " tag="310"><subfield code="a">Weekly</subfield></datafield><datafield ind1=" " ind2=" " tag="588"><subfield code="a">Description based on: Vol. 6, no. 18 (Feb. 19, 1886).</subfield></datafield><datafield ind1=" " ind2=" " tag="588"><subfield code="a">Latest issue consulted: May 13, 1926.</subfield></datafield><datafield ind1=" " ind2="4" tag="651"><subfield code="a">Afton (N.Y.)</subfield><subfield code="v">Newspapers.</subfield></datafield><datafield ind1=" " ind2=" " tag="752"><subfield code="a">United States</subfield><subfield code="b">New York</subfield><subfield code="c">Chenango</subfield><subfield code="d">Afton.</subfield></datafield><datafield ind1="0" ind2="0" tag="780"><subfield code="t">Afton weekly enterprise</subfield><subfield code="w">(DLC)sn 90066537</subfield><subfield code="w">(OCoLC)22526978</subfield></datafield><datafield ind1="0" ind2="7" tag="785"><subfield code="t">Harpersville budget</subfield><subfield code="w">(DLC)sn 89071358</subfield><subfield code="w">(OCoLC)20001883</subfield></datafield><datafield ind1="0" ind2="7" tag="785"><subfield code="t">Afton enterprise and Harpursville budget</subfield><subfield code="w">(DLC)sn 87070378</subfield><subfield code="w">(OCoLC)16881867</subfield></datafield><datafield ind1="1" ind2=" " tag="029"><subfield code="a">AU@</subfield><subfield code="b">000025869905</subfield></datafield></record>